<?xml version="1.0" encoding="UTF-8"?><collection xmlns="http://www.loc.gov/MARC21/slim"><record><leader>00440nam--2200157-i-4500</leader><controlfield tag="001">000022554</controlfield><controlfield tag="002">20161230</controlfield><controlfield tag="005">20170121233845</controlfield><controlfield tag="008">060222s1000------------r-----000-0-eng-d</controlfield><datafield ind1=" " ind2=" " tag="080"><subfield code="a">547</subfield></datafield><datafield ind1=" " ind2=" " tag="100"><subfield code="a">Heinz, Karl-Wolfgang</subfield></datafield><datafield ind1=" " ind2=" " tag="245"><subfield code="a">Die stereoisomeren 3,5 ditertiarbutyl-cyclohexanole</subfield></datafield><datafield ind1=" " ind2=" " tag="260"><subfield code="a">Tubingen</subfield><subfield code="b">Mathematisch-Naturwissenschaftlichen Fakultat</subfield><subfield code="c">1965</subfield></datafield><datafield ind1=" " ind2=" " tag="300"><subfield code="a">1-iv + 83 p</subfield></datafield><datafield ind1=" " ind2=" " tag="852"><subfield code="a">23419</subfield></datafield><datafield ind1=" " ind2=" " tag="CAT"><subfield code="a">SYS</subfield><subfield code="c">20170121</subfield><subfield code="h">233845</subfield></datafield></record></collection>